<record><leader>00000cas a22000007a 4500</leader><controlfield tag="001">18091847</controlfield><controlfield tag="008">880615c19719999txucr ne      0   a0eng d</controlfield><datafield ind1=" " ind2=" " tag="010"><subfield code="a">sn 88083744 </subfield></datafield><datafield ind1=" " ind2=" " tag="040"><subfield code="a">PPM</subfield><subfield code="b">eng</subfield><subfield code="c">PPM</subfield><subfield code="d">NSD</subfield><subfield code="d">OCLCQ</subfield></datafield><datafield ind1=" " ind2=" " tag="012"><subfield code="m">1</subfield></datafield><datafield ind1="1" ind2=" " tag="022"><subfield code="a">1046-8633</subfield><subfield code="l">1046-8633</subfield><subfield code="2">1</subfield></datafield><datafield ind1=" " ind2=" " tag="032"><subfield code="a">001990</subfield><subfield code="b">USPS</subfield></datafield><datafield ind1=" " ind2=" " tag="037"><subfield code="b">Donrey of Texas, Inc., Hwy. 85 West, Box 184, Kemp, TX 75143</subfield></datafield><datafield ind1=" " ind2=" " tag="042"><subfield code="a">msc</subfield><subfield code="a">nsdp</subfield></datafield><datafield ind1=" " ind2="0" tag="222"><subfield code="a">Cedar Creek pilot</subfield></datafield><datafield ind1="0" ind2="0" tag="245"><subfield code="a">Cedar Creek pilot.</subfield></datafield><datafield ind1=" " ind2=" " tag="260"><subfield code="a">Athens, Tex. :</subfield><subfield code="b">Dan Dwelle</subfield></datafield><datafield ind1=" " ind2=" " tag="300"><subfield code="a">v.</subfield></datafield><datafield ind1=" " ind2=" " tag="310"><subfield code="a">Semiweekly</subfield></datafield><datafield ind1="1" ind2=" " tag="362"><subfield code="a">Began in 1971.</subfield></datafield><datafield ind1=" " ind2=" " tag="500"><subfield code="a">Published: Seven Points, Tex. : Donrey Media Group, &lt;Aug. 31, 1989-&gt;</subfield></datafield><datafield ind1=" " ind2=" " tag="588"><subfield code="a">Description based on: 5th yr., no. 65 (Jan. 4, 1976).</subfield></datafield><datafield ind1=" " ind2=" " tag="588"><subfield code="a">Latest issue consulted: Vol. 19, no. 32 (Thursday, Aug. 31, 1989).</subfield></datafield><datafield ind1=" " ind2=" " tag="752"><subfield code="a">United States</subfield><subfield code="b">Texas</subfield><subfield code="c">Kaufman</subfield><subfield code="d">Athens.</subfield></datafield><datafield ind1=" " ind2=" " tag="752"><subfield code="a">United States</subfield><subfield code="b">Texas</subfield><subfield code="c">Kaufman</subfield><subfield code="d">Seven Points.</subfield></datafield><datafield ind1=" " ind2=" " tag="752"><subfield code="a">United States</subfield><subfield code="b">Texas</subfield><subfield code="c">Kaufman</subfield><subfield code="d">Kemp.</subfield></datafield><datafield ind1=" " ind2=" " tag="752"><subfield code="a">United States</subfield><subfield code="b">Texas</subfield><subfield code="c">Kaufman</subfield><subfield code="d">Gun Barrel City.</subfield></datafield></record>